<record><leader>00000cas a22000007a 4500</leader><controlfield tag="001">31043165</controlfield><controlfield tag="008">940901d1869187umaumr ne      0    0eng d</controlfield><datafield ind1=" " ind2=" " tag="010"><subfield code="a">sn 94055839 </subfield></datafield><datafield ind1=" " ind2=" " tag="040"><subfield code="a">MGN</subfield><subfield code="b">eng</subfield><subfield code="c">MGN</subfield><subfield code="d">OCLCQ</subfield></datafield><datafield ind1=" " ind2=" " tag="042"><subfield code="a">msc</subfield></datafield><datafield ind1="0" ind2="0" tag="245"><subfield code="a">Perley's trade gazette.</subfield></datafield><datafield ind1=" " ind2=" " tag="260"><subfield code="a">Gloucester, Mass. :</subfield><subfield code="b">M.V.B. Perley</subfield></datafield><datafield ind1=" " ind2=" " tag="300"><subfield code="a">v.</subfield></datafield><datafield ind1=" " ind2=" " tag="310"><subfield code="a">Monthly</subfield></datafield><datafield ind1="0" ind2=" " tag="362"><subfield code="a">Vol. 1, no. 1 (Jan. 1869)-</subfield></datafield><datafield ind1=" " ind2=" " tag="752"><subfield code="a">United States</subfield><subfield code="b">Massachusetts</subfield><subfield code="c">Essex</subfield><subfield code="d">Gloucester.</subfield></datafield><datafield ind1="0" ind2="0" tag="780"><subfield code="t">Cape Ann visitor</subfield><subfield code="w">(DLC)sn 94055838</subfield></datafield></record>